
    <record>
        <controlfield tag="001">
            9930026593804341
        </controlfield>
        <datafield tag="100">
            <subfield code="a">
                Miller, Hugh,
            </subfield>
            <subfield code="d">
                1802-1856.
            </subfield>
            <subfield code="1">
                https://isni.org/isni/000000012101774X
            </subfield>
        <subfield code="1">https://www.wikidata.org/wiki/Q376090</subfield><subfield code="9">LCNACO|Hugh Miller</subfield></datafield>
        <datafield tag="245">
            <subfield code="a">
                [The testimony of the rocks.] [Galley proof of a review of "Testimony of the rocks."].
            </subfield>
        </datafield>
    </record>