
    <record>
		<controlfield tag="001">
			9925290633804341
		</controlfield>
		<datafield tag="100">
			<subfield code="a">
				Cumming, Alexander,
			</subfield>
			<subfield code="d">
				-1909.
			</subfield>
		</datafield>
		<datafield tag="245">
			<subfield code="a">
				The golden chain, and other sermons /
			</subfield>
			<subfield code="c">
				by Alexander Cumming.
			</subfield>
		</datafield>
	</record>