
    <record>
		<controlfield tag="001">
			9925290783804341
		</controlfield>
		<datafield tag="100">
			<subfield code="a">
				Cumming, A. D.
			</subfield>
			<subfield code="q">
				(Alexander Dougal),
			</subfield>
			<subfield code="d">
				-1947.
			</subfield>
		</datafield>
		<datafield tag="245">
			<subfield code="a">
				Guide to Callander, the Trossachs, Rob Roy's country, &amp;c. [Illustrated.] [With a map.]
			</subfield>
		</datafield>
	</record>