
    <record>
		<controlfield tag="001">
			99117061681204341
		</controlfield>
		<datafield tag="100">
			<subfield code="a">
				Kennedy, Grace,
			</subfield>
			<subfield code="d">
				1782-1825.
			</subfield>
		<subfield code="1">https://isni.org/isni/000000008078321X</subfield><subfield code="1">https://www.wikidata.org/wiki/Q1541049</subfield><subfield code="9">LCNACO|Grace Kennedy</subfield></datafield>
		<datafield tag="245">
			<subfield code="a">
				Anna Ross, a story for children /
			</subfield>
			<subfield code="c">
				by the author of "The decision" [i.e. G. Kennedy], etc. [With illustrations.]
			</subfield>
		</datafield>
	</record>