
    <record>
		<controlfield tag="001">
			9924054123804341
		</controlfield>
		<datafield tag="100">
			<subfield code="a">
				Anderson, P. J.
			</subfield>
			<subfield code="q">
				(Peter John),
			</subfield>
			<subfield code="d">
				1852-1926.
			</subfield>
		<subfield code="1">https://isni.org/isni/0000000116566779</subfield><subfield code="1">https://www.wikidata.org/wiki/Q15945211</subfield><subfield code="9">LCNACO|P. J Anderson</subfield></datafield>
		<datafield tag="245">
			<subfield code="a">
				Aberdeen Friars, red, black, white and grey. Preliminary calendar of illustrative documents /
			</subfield>
			<subfield code="c">
				compiled by P.J. Anderson.
			</subfield>
		</datafield>
	</record>