
    <record>
		<controlfield tag="001">
			9930681283804341
		</controlfield>
		<datafield tag="100">
			<subfield code="a">
				Witherspoon, John,
			</subfield>
			<subfield code="d">
				1723-1794.
			</subfield>
		<subfield code="1">https://isni.org/isni/0000000021764342</subfield><subfield code="1">https://www.wikidata.org/wiki/Q1246390</subfield><subfield code="9">LCNACO|John Witherspoon</subfield></datafield>
		<datafield tag="245">
			<subfield code="a">
				A dissertation on the laws of elections:
			</subfield>
			<subfield code="b">
				explaining who have a right to vote for, or be elected, members of Parliament for the counties of Scotland.
			</subfield>
		</datafield>
	</record>