
	<record>
		<controlfield tag="001">
			9921243993804341
		</controlfield>
		<datafield tag="100">
			<subfield code="a">
				Cockburn, Henry Cockburn,
			</subfield>
			<subfield code="c">
				Lord,
			</subfield>
			<subfield code="d">
				1779-1854.
			</subfield>
		<subfield code="1">https://isni.org/isni/0000000080843104</subfield><subfield code="1">https://www.wikidata.org/wiki/Q5719616</subfield><subfield code="9">LCNACO|Henry Cockburn Cockburn Lord</subfield></datafield>
		<datafield tag="245">
			<subfield code="a">
				Memorials of his time /
			</subfield>
			<subfield code="c">
				Henry Cockburn.
			</subfield>
		</datafield>
	</record>