
    <record>
		<controlfield tag="001">
			9944464993804341
		</controlfield>
		<datafield tag="100">
			<subfield code="a">
				Ferguson, Malcolm,
			</subfield>
			<subfield code="d">
				-1912.
			</subfield>
		</datafield>
		<datafield tag="245">
			<subfield code="a">
				Ferguson's tourist guide to the beautiful and romantic scenery of Killin, Loch Tay, Loch Earn, St. Fillans, Balquhidder, Glenlyon, Rannoch, Fortingall, and the 'land of famed Breadalbane,' from Aberfeldy to Tyndrum, Loch Awe and Oban. (With map and illustrations.)
			</subfield>
		</datafield>
	</record>
</collection>